%% This BibTeX bibliography file was created using BibDesk.
%% http://bibdesk.sourceforge.net/


%% Created for Gianluca Salvato at 2015-07-30 23:10:09 +0200 


%% Saved with string encoding Unicode (UTF-8) 



@url{code:WTE,
	Author = {D. P. Landau, Shan-Ho Tsai, M. Exler},
	Date-Added = {2015-07-30 18:08:14 +0000},
	Date-Modified = {2015-07-30 18:09:55 +0000},
	Keywords = {Wang-Landau},
	Lastchecked = {30/07/2015},
	Title = {wanglandau},
	Urldate = {http://ftp.aip.org/epaps//am_j_phys/E-AJPIAS-72-006406/}}

@conference{bib:lect_notes,
	Author = {Maria Peressi},
	Date-Added = {2015-07-30 16:24:33 +0000},
	Date-Modified = {2015-07-30 17:57:17 +0000},
	Journal = {Lecture notes},
	Title = {The Ising model in the canonical ensemble},
	Year = {2014},
	Bdsk-File-1 = {YnBsaXN0MDDUAQIDBAUGJCVYJHZlcnNpb25YJG9iamVjdHNZJGFyY2hpdmVyVCR0b3ASAAGGoKgHCBMUFRYaIVUkbnVsbNMJCgsMDxJXTlMua2V5c1pOUy5vYmplY3RzViRjbGFzc6INDoACgAOiEBGABIAFgAdccmVsYXRpdmVQYXRoWWFsaWFzRGF0YV8QE3BhcGVycy8wOS5pc2luZy5wZGbSFwsYGVdOUy5kYXRhTxEB0AAAAAAB0AACAAAIR2lhbmx1Y2EAAAAAAAAAAAAAAAAAAAAAAAAA0YUoq0grAAAAFnhdDDA5LmlzaW5nLnBkZgAAAAAAAAAAAAAAAAAAAAAAAAAAAAAAAAAAAAAAAAAAAAAAAAAAAAAAAAAAAAAAAAAAAAAWeJLL2d3/AAAAAAAAAAAAAQADAAAJAAAAAAAAAAAAAAAAAAAAAAZwYXBlcnMAEAAIAADRhQyLAAAAEQAIAADL2cHfAAAAAQAcABZ4XQAWWGcAE0whAAJJJAACRA4AAi10AAEthgACAFZHaWFubHVjYTpEZXZlbG9wbWVudDoATXlQcm9qZWN0czoAeGNvZGU6AGMrKzoAd2FuZ2xhbmRhdToAcmVwb3J0OgBwYXBlcnM6ADA5LmlzaW5nLnBkZgAOABoADAAwADkALgBpAHMAaQBuAGcALgBwAGQAZgAPABIACABHAGkAYQBuAGwAdQBjAGEAEgBHL0RldmVsb3BtZW50L015UHJvamVjdHMveGNvZGUvYysrL3dhbmdsYW5kYXUvcmVwb3J0L3BhcGVycy8wOS5pc2luZy5wZGYAABMADy9Vc2Vycy9naWFubHVjYQAAFQACAA///wAAgAbSGxwdHlokY2xhc3NuYW1lWCRjbGFzc2VzXU5TTXV0YWJsZURhdGGjHR8gVk5TRGF0YVhOU09iamVjdNIbHCIjXE5TRGljdGlvbmFyeaIiIF8QD05TS2V5ZWRBcmNoaXZlctEmJ1Ryb290gAEACAARABoAIwAtADIANwBAAEYATQBVAGAAZwBqAGwAbgBxAHMAdQB3AIQAjgCkAKkAsQKFAocCjAKXAqACrgKyArkCwgLHAtQC1wLpAuwC8QAAAAAAAAIBAAAAAAAAACgAAAAAAAAAAAAAAAAAAALz}}

@article{bib:wang_landau,
	Author = {D. P. Landau, Shan-Ho Tsai, M. Exler},
	Date-Added = {2015-07-30 16:24:33 +0000},
	Date-Modified = {2015-07-30 17:56:53 +0000},
	Journal = {Am. J. Phys},
	Title = {A new approach to Monte Carlo simulations in statistical physics: Wang-Landau sampling},
	Volume = {72},
	Year = {2004},
	Bdsk-File-1 = {YnBsaXN0MDDUAQIDBAUGJCVYJHZlcnNpb25YJG9iamVjdHNZJGFyY2hpdmVyVCR0b3ASAAGGoKgHCBMUFRYaIVUkbnVsbNMJCgsMDxJXTlMua2V5c1pOUy5vYmplY3RzViRjbGFzc6INDoACgAOiEBGABIAFgAdccmVsYXRpdmVQYXRoWWFsaWFzRGF0YV8QFHBhcGVycy9BSlAwMDEyOTQucGRm0hcLGBlXTlMuZGF0YU8RAdQAAAAAAdQAAgAACEdpYW5sdWNhAAAAAAAAAAAAAAAAAAAAAAAAANGFKKtIKwAAABZ4XQ1BSlAwMDEyOTQucGRmAAAAAAAAAAAAAAAAAAAAAAAAAAAAAAAAAAAAAAAAAAAAAAAAAAAAAAAAAAAAAAAAAAAAFnh00c2bsAAAAAAAAAAAAAEAAwAACQAAAAAAAAAAAAAAAAAAAAAGcGFwZXJzABAACAAA0YUMiwAAABEACAAA0c1/kAAAAAEAHAAWeF0AFlhnABNMIQACSSQAAkQOAAItdAABLYYAAgBXR2lhbmx1Y2E6RGV2ZWxvcG1lbnQ6AE15UHJvamVjdHM6AHhjb2RlOgBjKys6AHdhbmdsYW5kYXU6AHJlcG9ydDoAcGFwZXJzOgBBSlAwMDEyOTQucGRmAAAOABwADQBBAEoAUAAwADAAMQAyADkANAAuAHAAZABmAA8AEgAIAEcAaQBhAG4AbAB1AGMAYQASAEgvRGV2ZWxvcG1lbnQvTXlQcm9qZWN0cy94Y29kZS9jKysvd2FuZ2xhbmRhdS9yZXBvcnQvcGFwZXJzL0FKUDAwMTI5NC5wZGYAEwAPL1VzZXJzL2dpYW5sdWNhAAAVAAIAD///AACABtIbHB0eWiRjbGFzc25hbWVYJGNsYXNzZXNdTlNNdXRhYmxlRGF0YaMdHyBWTlNEYXRhWE5TT2JqZWN00hscIiNcTlNEaWN0aW9uYXJ5oiIgXxAPTlNLZXllZEFyY2hpdmVy0SYnVHJvb3SAAQAIABEAGgAjAC0AMgA3AEAARgBNAFUAYABnAGoAbABuAHEAcwB1AHcAhACOAKUAqgCyAooCjAKRApwCpQKzArcCvgLHAswC2QLcAu4C8QL2AAAAAAAAAgEAAAAAAAAAKAAAAAAAAAAAAAAAAAAAAvg=}}

@unpublished{bib:wl_easy,
	Author = {Jan Tobochnik},
	Date-Added = {2015-07-30 16:24:33 +0000},
	Date-Modified = {2015-07-30 17:57:01 +0000},
	Month = {Jun},
	Title = {Computer simulations as concrete model for student reasoning},
	Year = {2010},
	Bdsk-File-1 = {YnBsaXN0MDDUAQIDBAUGJCVYJHZlcnNpb25YJG9iamVjdHNZJGFyY2hpdmVyVCR0b3ASAAGGoKgHCBMUFRYaIVUkbnVsbNMJCgsMDxJXTlMua2V5c1pOUy5vYmplY3RzViRjbGFzc6INDoACgAOiEBGABIAFgAdccmVsYXRpdmVQYXRoWWFsaWFzRGF0YV8QF3BhcGVycy9BUFNNYXJjaDIwMDIucGRm0hcLGBlXTlMuZGF0YU8RAeAAAAAAAeAAAgAACEdpYW5sdWNhAAAAAAAAAAAAAAAAAAAAAAAAANGFKKtIKwAAABZ4XRBBUFNNYXJjaDIwMDIucGRmAAAAAAAAAAAAAAAAAAAAAAAAAAAAAAAAAAAAAAAAAAAAAAAAAAAAAAAAAAAAAAAAFnht0c2brwAAAAAAAAAAAAEAAwAACQAAAAAAAAAAAAAAAAAAAAAGcGFwZXJzABAACAAA0YUMiwAAABEACAAA0c1/jwAAAAEAHAAWeF0AFlhnABNMIQACSSQAAkQOAAItdAABLYYAAgBaR2lhbmx1Y2E6RGV2ZWxvcG1lbnQ6AE15UHJvamVjdHM6AHhjb2RlOgBjKys6AHdhbmdsYW5kYXU6AHJlcG9ydDoAcGFwZXJzOgBBUFNNYXJjaDIwMDIucGRmAA4AIgAQAEEAUABTAE0AYQByAGMAaAAyADAAMAAyAC4AcABkAGYADwASAAgARwBpAGEAbgBsAHUAYwBhABIASy9EZXZlbG9wbWVudC9NeVByb2plY3RzL3hjb2RlL2MrKy93YW5nbGFuZGF1L3JlcG9ydC9wYXBlcnMvQVBTTWFyY2gyMDAyLnBkZgAAEwAPL1VzZXJzL2dpYW5sdWNhAAAVAAIAD///AACABtIbHB0eWiRjbGFzc25hbWVYJGNsYXNzZXNdTlNNdXRhYmxlRGF0YaMdHyBWTlNEYXRhWE5TT2JqZWN00hscIiNcTlNEaWN0aW9uYXJ5oiIgXxAPTlNLZXllZEFyY2hpdmVy0SYnVHJvb3SAAQAIABEAGgAjAC0AMgA3AEAARgBNAFUAYABnAGoAbABuAHEAcwB1AHcAhACOAKgArQC1ApkCmwKgAqsCtALCAsYCzQLWAtsC6ALrAv0DAAMFAAAAAAAAAgEAAAAAAAAAKAAAAAAAAAAAAAAAAAAAAwc=}}

@booklet{bib:exact2,
	Author = {Xin-Zeng Wu, Di Li, Zheng Dai},
	Date-Added = {2015-07-30 16:24:33 +0000},
	Date-Modified = {2015-07-30 18:01:46 +0000},
	Month = {May},
	Title = {MATH 505 Project: Ising model - Phase transition},
	Year = {2014},
	Bdsk-File-1 = {YnBsaXN0MDDUAQIDBAUGJCVYJHZlcnNpb25YJG9iamVjdHNZJGFyY2hpdmVyVCR0b3ASAAGGoKgHCBMUFRYaIVUkbnVsbNMJCgsMDxJXTlMua2V5c1pOUy5vYmplY3RzViRjbGFzc6INDoACgAOiEBGABIAFgAdccmVsYXRpdmVQYXRoWWFsaWFzRGF0YV8QI3BhcGVycy9Jc2luZy5waGFzZS50cmFuc2l0aW9uIDIucGRm0hcLGBlXTlMuZGF0YU8RAhAAAAAAAhAAAgAACEdpYW5sdWNhAAAAAAAAAAAAAAAAAAAAAAAAANGFKKtIKwAAABZ4XRxJc2luZy5waGFzZS50cmFuc2l0aW9uIDIucGRmAAAAAAAAAAAAAAAAAAAAAAAAAAAAAAAAAAAAAAAAAAAAAAAAFniB0d8YTgAAAAAAAAAAAAEAAwAACQAAAAAAAAAAAAAAAAAAAAAGcGFwZXJzABAACAAA0YUMiwAAABEACAAA0d78LgAAAAEAHAAWeF0AFlhnABNMIQACSSQAAkQOAAItdAABLYYAAgBmR2lhbmx1Y2E6RGV2ZWxvcG1lbnQ6AE15UHJvamVjdHM6AHhjb2RlOgBjKys6AHdhbmdsYW5kYXU6AHJlcG9ydDoAcGFwZXJzOgBJc2luZy5waGFzZS50cmFuc2l0aW9uIDIucGRmAA4AOgAcAEkAcwBpAG4AZwAuAHAAaABhAHMAZQAuAHQAcgBhAG4AcwBpAHQAaQBvAG4AIAAyAC4AcABkAGYADwASAAgARwBpAGEAbgBsAHUAYwBhABIAVy9EZXZlbG9wbWVudC9NeVByb2plY3RzL3hjb2RlL2MrKy93YW5nbGFuZGF1L3JlcG9ydC9wYXBlcnMvSXNpbmcucGhhc2UudHJhbnNpdGlvbiAyLnBkZgAAEwAPL1VzZXJzL2dpYW5sdWNhAAAVAAIAD///AACABtIbHB0eWiRjbGFzc25hbWVYJGNsYXNzZXNdTlNNdXRhYmxlRGF0YaMdHyBWTlNEYXRhWE5TT2JqZWN00hscIiNcTlNEaWN0aW9uYXJ5oiIgXxAPTlNLZXllZEFyY2hpdmVy0SYnVHJvb3SAAQAIABEAGgAjAC0AMgA3AEAARgBNAFUAYABnAGoAbABuAHEAcwB1AHcAhACOALQAuQDBAtUC1wLcAucC8AL+AwIDCQMSAxcDJAMnAzkDPANBAAAAAAAAAgEAAAAAAAAAKAAAAAAAAAAAAAAAAAAAA0M=}}

@booklet{bib:problem,
	Author = {Gould, J. Tobochnik},
	Date-Added = {2015-07-30 16:24:33 +0000},
	Date-Modified = {2015-07-30 18:09:05 +0000},
	Month = {Jun},
	Title = {Density of States of the 2D Ising model},
	Year = {2010},
	Bdsk-File-1 = {YnBsaXN0MDDUAQIDBAUGJCVYJHZlcnNpb25YJG9iamVjdHNZJGFyY2hpdmVyVCR0b3ASAAGGoKgHCBMUFRYaIVUkbnVsbNMJCgsMDxJXTlMua2V5c1pOUy5vYmplY3RzViRjbGFzc6INDoACgAOiEBGABIAFgAdccmVsYXRpdmVQYXRoWWFsaWFzRGF0YV8QJXBhcGVycy9pc2luZzJELWRvcy1Hb3VsZFRvYm9jaG5pay5wZGbSFwsYGVdOUy5kYXRhTxECGAAAAAACGAACAAAIR2lhbmx1Y2EAAAAAAAAAAAAAAAAAAAAAAAAA0YUoq0grAAAAFnhdHmlzaW5nMkQtZG9zLUdvdWxkVG9ib2NobmlrLnBkZgAAAAAAAAAAAAAAAAAAAAAAAAAAAAAAAAAAAAAAAAAAAAAWeGrRzZutAAAAAAAAAAAAAQADAAAJAAAAAAAAAAAAAAAAAAAAAAZwYXBlcnMAEAAIAADRhQyLAAAAEQAIAADRzX+NAAAAAQAcABZ4XQAWWGcAE0whAAJJJAACRA4AAi10AAEthgACAGhHaWFubHVjYTpEZXZlbG9wbWVudDoATXlQcm9qZWN0czoAeGNvZGU6AGMrKzoAd2FuZ2xhbmRhdToAcmVwb3J0OgBwYXBlcnM6AGlzaW5nMkQtZG9zLUdvdWxkVG9ib2NobmlrLnBkZgAOAD4AHgBpAHMAaQBuAGcAMgBEAC0AZABvAHMALQBHAG8AdQBsAGQAVABvAGIAbwBjAGgAbgBpAGsALgBwAGQAZgAPABIACABHAGkAYQBuAGwAdQBjAGEAEgBZL0RldmVsb3BtZW50L015UHJvamVjdHMveGNvZGUvYysrL3dhbmdsYW5kYXUvcmVwb3J0L3BhcGVycy9pc2luZzJELWRvcy1Hb3VsZFRvYm9jaG5pay5wZGYAABMADy9Vc2Vycy9naWFubHVjYQAAFQACAA///wAAgAbSGxwdHlokY2xhc3NuYW1lWCRjbGFzc2VzXU5TTXV0YWJsZURhdGGjHR8gVk5TRGF0YVhOU09iamVjdNIbHCIjXE5TRGljdGlvbmFyeaIiIF8QD05TS2V5ZWRBcmNoaXZlctEmJ1Ryb290gAEACAARABoAIwAtADIANwBAAEYATQBVAGAAZwBqAGwAbgBxAHMAdQB3AIQAjgC2ALsAwwLfAuEC5gLxAvoDCAMMAxMDHAMhAy4DMQNDA0YDSwAAAAAAAAIBAAAAAAAAACgAAAAAAAAAAAAAAAAAAANN}}

@article{bib:exact,
	Author = {Arthur R. Ferdinand, Micheal E. Fisher},
	Date-Added = {2015-07-30 16:24:33 +0000},
	Date-Modified = {2015-07-30 18:01:49 +0000},
	Journal = {Physical Review},
	Month = {Sep},
	Number = {2},
	Pages = {832-846},
	Title = {Bounded and Inhomogeneous Ising Models. I. Specific heat Anomaly of the Finite Lattice},
	Volume = {185},
	Year = {1969},
	Bdsk-File-1 = {YnBsaXN0MDDUAQIDBAUGJCVYJHZlcnNpb25YJG9iamVjdHNZJGFyY2hpdmVyVCR0b3ASAAGGoKgHCBMUFRYaIVUkbnVsbNMJCgsMDxJXTlMua2V5c1pOUy5vYmplY3RzViRjbGFzc6INDoACgAOiEBGABIAFgAdccmVsYXRpdmVQYXRoWWFsaWFzRGF0YV8QGnBhcGVycy9QaHlzUmV2LjE4NS44MzIucGRm0hcLGBlXTlMuZGF0YU8RAewAAAAAAewAAgAACEdpYW5sdWNhAAAAAAAAAAAAAAAAAAAAAAAAANGFKKtIKwAAABZ4XRNQaHlzUmV2LjE4NS44MzIucGRmAAAAAAAAAAAAAAAAAAAAAAAAAAAAAAAAAAAAAAAAAAAAAAAAAAAAAAAAAAAAFnh30dwOPAAAAAAAAAAAAAEAAwAACQAAAAAAAAAAAAAAAAAAAAAGcGFwZXJzABAACAAA0YUMiwAAABEACAAA0dvyHAAAAAEAHAAWeF0AFlhnABNMIQACSSQAAkQOAAItdAABLYYAAgBdR2lhbmx1Y2E6RGV2ZWxvcG1lbnQ6AE15UHJvamVjdHM6AHhjb2RlOgBjKys6AHdhbmdsYW5kYXU6AHJlcG9ydDoAcGFwZXJzOgBQaHlzUmV2LjE4NS44MzIucGRmAAAOACgAEwBQAGgAeQBzAFIAZQB2AC4AMQA4ADUALgA4ADMAMgAuAHAAZABmAA8AEgAIAEcAaQBhAG4AbAB1AGMAYQASAE4vRGV2ZWxvcG1lbnQvTXlQcm9qZWN0cy94Y29kZS9jKysvd2FuZ2xhbmRhdS9yZXBvcnQvcGFwZXJzL1BoeXNSZXYuMTg1LjgzMi5wZGYAEwAPL1VzZXJzL2dpYW5sdWNhAAAVAAIAD///AACABtIbHB0eWiRjbGFzc25hbWVYJGNsYXNzZXNdTlNNdXRhYmxlRGF0YaMdHyBWTlNEYXRhWE5TT2JqZWN00hscIiNcTlNEaWN0aW9uYXJ5oiIgXxAPTlNLZXllZEFyY2hpdmVy0SYnVHJvb3SAAQAIABEAGgAjAC0AMgA3AEAARgBNAFUAYABnAGoAbABuAHEAcwB1AHcAhACOAKsAsAC4AqgCqgKvAroCwwLRAtUC3ALlAuoC9wL6AwwDDwMUAAAAAAAAAgEAAAAAAAAAKAAAAAAAAAAAAAAAAAAAAxY=}}

@comment{BibDesk Static Groups{
<?xml version="1.0" encoding="UTF-8"?>
<!DOCTYPE plist PUBLIC "-//Apple//DTD PLIST 1.0//EN" "http://www.apple.com/DTDs/PropertyList-1.0.dtd">
<plist version="1.0">
<array>
	<dict>
		<key>group name</key>
		<string>Physical Structure</string>
		<key>keys</key>
		<string></string>
	</dict>
</array>
</plist>
}}
